<record><leader>00000cas a2200000 a 4500</leader><controlfield tag="001">1321288</controlfield><controlfield tag="008">750509d18451861ohuwr ne      0   a0eng c</controlfield><datafield ind1=" " ind2=" " tag="010"><subfield code="a">sn 83035487 </subfield><subfield code="z">   10000080 </subfield></datafield><datafield ind1=" " ind2=" " tag="040"><subfield code="a">PIT</subfield><subfield code="b">eng</subfield><subfield code="c">PIT</subfield><subfield code="d">NPY</subfield><subfield code="d">NPV</subfield><subfield code="d">NPX</subfield><subfield code="d">DLC</subfield><subfield code="d">NPI</subfield><subfield code="d">ONP</subfield><subfield code="d">NPV</subfield><subfield code="d">ONP</subfield><subfield code="d">YOX</subfield><subfield code="d">CNK</subfield><subfield code="d">DLC</subfield><subfield code="d">MHN</subfield><subfield code="d">OCL</subfield><subfield code="d">NVK</subfield><subfield code="d">CVF</subfield><subfield code="d">DLC</subfield><subfield code="d">OCLCQ</subfield><subfield code="d">IUL</subfield><subfield code="d">DLC</subfield><subfield code="d">OCLCQ</subfield><subfield code="d">IUL</subfield><subfield code="d">OCLCF</subfield><subfield code="d">OCLCQ</subfield><subfield code="d">OCLCO</subfield></datafield><datafield ind1=" " ind2=" " tag="012"><subfield code="l">a</subfield></datafield><datafield ind1="0" ind2=" " tag="022"><subfield code="a">2166-1863</subfield><subfield code="2">1</subfield></datafield><datafield ind1="1" ind2=" " tag="029"><subfield code="a">AU@</subfield><subfield code="b">000020287250</subfield></datafield><datafield ind1=" " ind2=" " tag="042"><subfield code="a">pcc</subfield><subfield code="a">nsdp</subfield></datafield><datafield ind1=" " ind2=" " tag="043"><subfield code="a">n-us-oh</subfield></datafield><datafield ind1="0" ind2="0" tag="050"><subfield code="a">Newspaper</subfield></datafield><datafield ind1="0" ind2="0" tag="050"><subfield code="a">E449</subfield><subfield code="b">.A6205</subfield></datafield><datafield ind1="1" ind2="0" tag="082"><subfield code="a">071</subfield><subfield code="2">14</subfield></datafield><datafield ind1=" " ind2="0" tag="222"><subfield code="a">Anti-slavery bugle</subfield></datafield><datafield ind1="0" ind2="0" tag="245"><subfield code="a">Anti-slavery bugle.</subfield></datafield><datafield ind1=" " ind2=" " tag="260"><subfield code="a">New-Lisbon, Ohio :</subfield><subfield code="b">Ohio American Antislavery Society,</subfield><subfield code="c">1845-1861.</subfield></datafield><datafield ind1=" " ind2=" " tag="300"><subfield code="a">volumes</subfield></datafield><datafield ind1=" " ind2=" " tag="310"><subfield code="a">Weekly</subfield></datafield><datafield ind1=" " ind2=" " tag="336"><subfield code="a">text</subfield><subfield code="b">txt</subfield><subfield code="2">rdacontent</subfield></datafield><datafield ind1=" " ind2=" " tag="337"><subfield code="a">unmediated</subfield><subfield code="b">n</subfield><subfield code="2">rdamedia</subfield></datafield><datafield ind1=" " ind2=" " tag="338"><subfield code="a">volume</subfield><subfield code="b">nc</subfield><subfield code="2">rdacarrier</subfield></datafield><datafield ind1="0" ind2=" " tag="362"><subfield code="a">Vol. 1, no. 1 (June 20, 1845)-v. 16, no. 38 (May 4, 1861).</subfield></datafield><datafield ind1=" " ind2=" " tag="500"><subfield code="a">Not published June 27-July 18, 1845.</subfield></datafield><datafield ind1=" " ind2=" " tag="500"><subfield code="a">Published in: New Lisbon, Ohio, June 20, 1845-Aug. 29, 1845, and: Salem, Ohio, Sept. 5, 1845-May 4, 1861.</subfield></datafield><datafield ind1=" " ind2=" " tag="500"><subfield code="a">Publisher: Executive Committee of the Western Anti-slavery Society, 1848-1861.</subfield></datafield><datafield ind1=" " ind2=" " tag="500"><subfield code="a">Printers: John Frost, 1845; J.H. Painter, 1845-1846; G.N. Hapgood, 1846-1848.</subfield></datafield><datafield ind1=" " ind2=" " tag="500"><subfield code="a">Editors: Benjamin S. Jones, J. Elizabeth Hitchcock, 1845-1846; Benjamin S. Jones, J. Elizabeth Jones, 1846-1849; Oliver Johnson 1849-1851; Marius R. Robinson, 1851-1859; Benjamin S. Jones, 1859-1861.</subfield></datafield><datafield ind1=" " ind2=" " tag="530"><subfield code="a">Archived issues are available in digital format as part of the Library of Congress Chronicling America online collection.</subfield></datafield><datafield ind1=" " ind2="0" tag="650"><subfield code="a">Antislavery movements</subfield><subfield code="z">United States</subfield><subfield code="v">Newspapers.</subfield></datafield><datafield ind1=" " ind2="0" tag="650"><subfield code="a">Slavery</subfield><subfield code="z">United States</subfield><subfield code="v">Newspapers.</subfield></datafield><datafield ind1=" " ind2="0" tag="651"><subfield code="a">Lisbon (Ohio)</subfield><subfield code="v">Newspapers.</subfield></datafield><datafield ind1=" " ind2="0" tag="651"><subfield code="a">Salem (Ohio)</subfield><subfield code="v">Newspapers.</subfield></datafield><datafield ind1=" " ind2="7" tag="650"><subfield code="a">Antislavery movements.</subfield><subfield code="2">fast</subfield><subfield code="0">(OCoLC)fst00810800</subfield></datafield><datafield ind1=" " ind2="7" tag="650"><subfield code="a">Slavery.</subfield><subfield code="2">fast</subfield><subfield code="0">(OCoLC)fst01120426</subfield></datafield><datafield ind1=" " ind2="7" tag="651"><subfield code="a">Ohio</subfield><subfield code="z">Lisbon.</subfield><subfield code="2">fast</subfield><subfield code="0">(OCoLC)fst01249658</subfield></datafield><datafield ind1=" " ind2="7" tag="651"><subfield code="a">Ohio</subfield><subfield code="z">Salem.</subfield><subfield code="2">fast</subfield><subfield code="0">(OCoLC)fst01223494</subfield></datafield><datafield ind1=" " ind2="7" tag="651"><subfield code="a">United States.</subfield><subfield code="2">fast</subfield><subfield code="0">(OCoLC)fst01204155</subfield></datafield><datafield ind1=" " ind2="7" tag="655"><subfield code="a">Newspapers.</subfield><subfield code="2">fast</subfield><subfield code="0">(OCoLC)fst01423814</subfield></datafield><datafield ind1="1" ind2=" " tag="700"><subfield code="a">Jones, Benjamin Smith,</subfield><subfield code="d">1812-1862,</subfield><subfield code="e">editor.</subfield></datafield><datafield ind1="1" ind2=" " tag="700"><subfield code="a">Jones, J. Elizabeth</subfield><subfield code="q">(Jane Elizabeth),</subfield><subfield code="d">1813-1896,</subfield><subfield code="e">editor.</subfield></datafield><datafield ind1="1" ind2=" " tag="700"><subfield code="a">Johnson, Oliver,</subfield><subfield code="d">1809-1889,</subfield><subfield code="e">editor.</subfield></datafield><datafield ind1="1" ind2=" " tag="700"><subfield code="a">Robinson, Marius Racine,</subfield><subfield code="d">1806-1878,</subfield><subfield code="e">editor.</subfield></datafield><datafield ind1="2" ind2=" " tag="710"><subfield code="a">Ohio American Antislavery Society.</subfield></datafield><datafield ind1="2" ind2=" " tag="710"><subfield code="a">Western Anti-slavery Society.</subfield></datafield><datafield ind1=" " ind2=" " tag="752"><subfield code="a">United States</subfield><subfield code="b">Ohio</subfield><subfield code="c">Columbiana</subfield><subfield code="d">New Lisbon.</subfield></datafield><datafield ind1=" " ind2=" " tag="752"><subfield code="a">United States</subfield><subfield code="b">Ohio</subfield><subfield code="c">Columbiana</subfield><subfield code="d">Salem.</subfield></datafield><datafield ind1="0" ind2="4" tag="785"><subfield code="t">Anti-slavery standard</subfield></datafield><datafield ind1="4" ind2="1" tag="856"><subfield code="u">http://www.loc.gov/chroniclingamerica/lccn/sn83035487/issues</subfield></datafield></record>